<record xmlns='http://www.loc.gov/MARC21/slim'><leader>01483cim a22003612u 4500</leader><controlfield tag='001'>3600547</controlfield><controlfield tag='005'>20151214182623.0</controlfield><controlfield tag='007'>ss|lmnjluz|nuu</controlfield><controlfield tag='008'>991101s1988    nyunnn         l    eng d</controlfield><datafield ind1=' ' ind2=' ' tag='035'><subfield code='a'>(NIC)notisASF7612</subfield></datafield><datafield ind1=' ' ind2=' ' tag='035'><subfield code='a'>3600547</subfield></datafield><datafield ind1=' ' ind2=' ' tag='035'><subfield code='a'>(OCoLC)63896223</subfield></datafield><datafield ind1=' ' ind2=' ' tag='040'><subfield code='a'>NIC</subfield><subfield code='c'>NIC</subfield><subfield code='d'>NIC</subfield><subfield code='d'>NIC</subfield></datafield><datafield ind1='1' ind2=' ' tag='100'><subfield code='a'>Chartier, Roger,</subfield><subfield code='d'>1945- </subfield></datafield><datafield ind1='1' ind2='0' tag='245'><subfield code='a'>Luigi Einaudi: between politics and history</subfield><subfield code='h'>[sound recording]</subfield></datafield><datafield ind1=' ' ind2=' ' tag='260'><subfield code='c'>1988.</subfield></datafield><datafield ind1=' ' ind2=' ' tag='300'><subfield code='a'>1 sound cassette (68 min.) :</subfield><subfield code='b'>analog, mono.</subfield></datafield><datafield ind1=' ' ind2=' ' tag='500'><subfield code='a'>Recorded in Ithaca, NY by Cornell University.</subfield></datafield><datafield ind1=' ' ind2=' ' tag='500'><subfield code='a'>Accompanied by: Text.</subfield></datafield><datafield ind1=' ' ind2=' ' tag='500'><subfield code='a'>Sponsored by: Western Societies Program.</subfield></datafield><datafield ind1=' ' ind2=' ' tag='500'><subfield code='a'>Speaker(s): First recipient of the Einaudi chair; Professor at L&apos;ecole des etudes anciennes sociales.</subfield></datafield><datafield ind1=' ' ind2=' ' tag='518'><subfield code='a'>Lecture, April 6, 1988.</subfield></datafield><datafield ind1=' ' ind2=' ' tag='520'><subfield code='a'>Einaudi Inaugural Lecture; Chartier, the first recipient of the Einaudi professorship in European and International Studies, discusses the life of Luigi Einaudi and his contributions to Italian intellectual history.</subfield></datafield><datafield ind1='1' ind2='0' tag='600'><subfield code='a'>Einaudi, Luigi,</subfield><subfield code='d'>1874-1961.</subfield></datafield><datafield ind1=' ' ind2='0' tag='651'><subfield code='a'>Italy</subfield><subfield code='x'>Intellectual life</subfield><subfield code='y'>20th century.</subfield></datafield><datafield ind1='1' ind2='7' tag='600'><subfield code='a'>Einaudi, Luigi,</subfield><subfield code='d'>1874-1961</subfield><subfield code='2'>fast</subfield><subfield code='0'>(OCoLC)fst00019185</subfield></datafield><datafield ind1=' ' ind2='7' tag='648'><subfield code='a'>1900 - 1999</subfield><subfield code='2'>fast</subfield></datafield><datafield ind1=' ' ind2='7' tag='650'><subfield code='a'>Intellectual life</subfield><subfield code='2'>fast</subfield><subfield code='0'>(OCoLC)fst00975769</subfield></datafield><datafield ind1=' ' ind2='7' tag='651'><subfield code='a'>Italy</subfield><subfield code='2'>fast</subfield><subfield code='0'>(OCoLC)fst01204565</subfield></datafield><datafield ind1=' ' ind2='0' tag='830'><subfield code='a'>Einaudi lectures.</subfield></datafield><datafield ind1='1' ind2=' ' tag='899'><subfield code='a'>CULectures</subfield></datafield><datafield ind1=' ' ind2=' ' tag='905'><subfield code='a'>20000310120000.0</subfield></datafield><datafield ind1='2' ind2=' ' tag='948'><subfield code='a'>20141221</subfield><subfield code='b'>m</subfield><subfield code='d'>batch</subfield><subfield code='e'>lts</subfield><subfield code='x'>addfast</subfield></datafield></record>